<?xml version="1.0" encoding="UTF-8"?><record xmlns="http://www.loc.gov/MARC21/slim" xmlns:cinclude="http://apache.org/cocoon/include/1.0" xmlns:zs="http://www.loc.gov/zing/srw/">
  <leader>00402cz  a2200121n  4500</leader>
  <controlfield tag="001">n 2006092288</controlfield>
  <controlfield tag="003">DLC</controlfield>
  <controlfield tag="005">20061206075017.0</controlfield>
  <controlfield tag="008">061205n| acannaabn          |n aaa      </controlfield>
  <datafield tag="010" ind1=" " ind2=" ">
    <subfield code="a">n 2006092288</subfield>
  </datafield>
  <datafield tag="040" ind1=" " ind2=" ">
    <subfield code="a">DLC</subfield>
    <subfield code="b">eng</subfield>
    <subfield code="c">DLC</subfield>
  </datafield>
  <datafield tag="100" ind1="1" ind2=" ">
    <subfield code="a">Hauth, Iris</subfield>
  </datafield>
  <datafield tag="670" ind1=" " ind2=" ">
    <subfield code="a">Komplexe Liaisonbehandlung durch das St.-Joseph-Krankenhaus Berlin-Weissensee am Vivantes-Klinikum Prenzlauer Berg, 2005:</subfield>
    <subfield code="b">t.p. (Dr. med. Iris Hauth)</subfield>
  </datafield>
</record>